<record><leader>00000cas a2200000 a 4500</leader><controlfield tag="001">24188700</controlfield><controlfield tag="008">910807d19751979iluwr ne      0   a0eng c</controlfield><datafield ind1=" " ind2=" " tag="010"><subfield code="a">sn 91055287 </subfield></datafield><datafield ind1=" " ind2=" " tag="040"><subfield code="a">NVF</subfield><subfield code="b">eng</subfield><subfield code="c">NVF</subfield><subfield code="d">OCLCQ</subfield><subfield code="d">NVF</subfield><subfield code="d">OCLCQ</subfield><subfield code="d">OCLCF</subfield><subfield code="d">OCLCO</subfield><subfield code="d">NVF</subfield><subfield code="d">OCLCO</subfield></datafield><datafield ind1="1" ind2=" " tag="029"><subfield code="a">AU@</subfield><subfield code="b">000025876147</subfield></datafield><datafield ind1=" " ind2=" " tag="042"><subfield code="a">pcc</subfield></datafield><datafield ind1=" " ind2=" " tag="043"><subfield code="a">n-us-il</subfield></datafield><datafield ind1="0" ind2="0" tag="245"><subfield code="a">Illiana spirit.</subfield></datafield><datafield ind1="1" ind2=" " tag="246"><subfield code="i">Published as:</subfield><subfield code="a">Spirit</subfield><subfield code="f">Oct. 3, 1977-Apr. 28, 1978</subfield></datafield><datafield ind1=" " ind2=" " tag="260"><subfield code="a">Watseka, Ill. :</subfield><subfield code="b">Illiana Spirit</subfield></datafield><datafield ind1=" " ind2=" " tag="300"><subfield code="a">volumes</subfield></datafield><datafield ind1=" " ind2=" " tag="310"><subfield code="a">Weekly,</subfield><subfield code="b">May 10, 1978-Apr. 11, 1979</subfield></datafield><datafield ind1=" " ind2=" " tag="321"><subfield code="a">Weekly,</subfield><subfield code="b">&lt;Oct. 15, 1975&gt;-Sept. 28, 1977</subfield></datafield><datafield ind1=" " ind2=" " tag="321"><subfield code="a">Daily (except Sat. and Sun.),</subfield><subfield code="b">Oct. 3, 1977-Apr. 28, 1978</subfield></datafield><datafield ind1="1" ind2=" " tag="362"><subfield code="a">Began in Oct. 1975.</subfield></datafield><datafield ind1="0" ind2=" " tag="362"><subfield code="a">-v. 1, no. 14 (Dec. 31, 1975) ; v. 11, no. 2 (Jan. 7, 1976)-v. 12, no. 39 (Sept. 28, 1977) ; v. 1, no. 18 (Oct. 3, 1977)-v. 1, no. 77 (Dec. 30, 1977) ; v. 4, no. 1 (Jan. 3, 1978)-Apr. 11, 1979.</subfield></datafield><datafield ind1=" " ind2=" " tag="588"><subfield code="a">Description based on: Vol. 1, no. 3 (Oct. 15, 1975).</subfield></datafield><datafield ind1=" " ind2="0" tag="651"><subfield code="a">Watseka (Ill.)</subfield><subfield code="v">Newspapers.</subfield></datafield><datafield ind1=" " ind2="0" tag="651"><subfield code="a">Illiana (Ill.)</subfield><subfield code="v">Newspapers.</subfield></datafield><datafield ind1=" " ind2="7" tag="651"><subfield code="a">Illinois</subfield><subfield code="z">Watseka.</subfield><subfield code="2">fast</subfield><subfield code="0">(OCoLC)fst01226870</subfield></datafield><datafield ind1=" " ind2="7" tag="655"><subfield code="a">Newspapers.</subfield><subfield code="2">fast</subfield><subfield code="0">(OCoLC)fst01423814</subfield></datafield><datafield ind1=" " ind2=" " tag="752"><subfield code="a">United States</subfield><subfield code="b">Illinois</subfield><subfield code="c">Iroquois County</subfield><subfield code="d">Watseka.</subfield></datafield><datafield ind1="0" ind2="0" tag="785"><subfield code="t">Spirit (Watseka, Ill.)</subfield><subfield code="w">(DLC)sn 91055288</subfield><subfield code="w">(OCoLC)24188764</subfield></datafield></record>